
@MISC{Swansong,
	AUTHOR = "Keith, G.",
	TITLE = "Swanson's Swansong",
	YEAR = 2020,
	NOTE = "url: https://www.stochastic.dk/post/swanson-s-swansong (дата обращения: 23.04.2023)"
}

@MISC{Uncertainties,
	TITLE = "Uncertainties impacting reserves, revenue, and costs",
	NOTE = "url: https://wiki.aapg.org/Uncertainties impacting reserves, revenue, and costs (дата обращения: 27.04.2023)"
}

@MISC{Discretization,
	AUTHOR = "Bickel, J. and Eric and Lake and Larry W. and Lehman, J.",
	TITLE = "Discretization, Simulation, and Swanson's (Inaccurate) Mean",
	YEAR = 2011,
	NOTE = "url: https://doi.org/10.2118/148542-PA"
}

@MISC{Simulation,
	AUTHOR = "Bickel, J. and Eric",
	TITLE = "Discretization, Simulation, and the Value of Information",
	YEAR = 2011,
	NOTE = "url: https://doi.org/10.2118/145690-MS"
}

@MISC{AAA,
	AUTHOR = "Нагуманова, К. И.",
	TITLE = "Замена непрерывного распределения на дискретное",
	YEAR = 2023,
	NOTE = "url: https://doi.org/10.5281/zenodo.7963595"
}